% Encoding: UTF-8

@Article{Albertin2008,
  author = {Alberto Luiz Albertin and Rosa Maria de Moura Albertin},
  title  = {Benefícios do uso de tecnologia de informação para o desempenho empresarial},
  year   = {2008},
  issn   = {0034-7612},
  pages  = {275-302},
  volume = {42},
  doi    = {10.1590/s0034-76122008000200004},
}

@Article{Almeida2008,
  author = {Cristina Almeida, Eugénia Arede, Susana Vieira},
  title  = {A Descoberta e a Evolução do RX},
  year   = {2008},
}

@Comment{jabref-meta: databaseType:bibtex;}
